<?xml version = "1.0" encoding = "UTF-8"?><OAI-PMH xmlns="http://www.openarchives.org/OAI/2.0/" xmlns:xsi="http://www.w3.org/2001/XMLSchema-instance" xsi:schemaLocation="http://www.openarchives.org/OAI/2.0/ http://www.openarchives.org/OAI/2.0/OAI-PMH.xsd"><ListRecords><record><header><identifier>aleph-publish:022302890</identifier></header><metadata><record xmlns="http://www.ddb.de/professionell/mabxml/mabxml-1.xsd"><leader>02587nM2.01200024------h</leader><controlfield tag="LDR">02587nM2.01200024------h</controlfield><controlfield tag="FMT">MH</controlfield><datafield tag="001" ind1="-" ind2="1"><subfield code="a">HT019582722</subfield></datafield><datafield tag="002" ind1="a" ind2="1"><subfield code="a">20180205</subfield></datafield><datafield tag="003" ind1="-" ind2="1"><subfield code="a">20210409154355.0</subfield></datafield><datafield tag="020" ind1="b" ind2="1"><subfield code="a">BV043372023</subfield></datafield><datafield tag="025" ind1="o" ind2="1"><subfield code="a">956518475</subfield></datafield><datafield tag="026" ind1="-" ind2="1"><subfield code="a">BVBBV043372023</subfield></datafield><controlfield tag="030">az1drr|||||17</controlfield><datafield tag="036" ind1="a" ind2="1"><subfield code="a">US</subfield></datafield><datafield tag="037" ind1="b" ind2="1"><subfield code="a">eng</subfield></datafield><controlfield tag="050">a|a|||||||||||</controlfield><controlfield tag="051">m|||||||</controlfield><datafield tag="060" ind1="-" ind2="1"><subfield code="b">txt</subfield><subfield code="a">Text</subfield></datafield><datafield tag="061" ind1="-" ind2="1"><subfield code="b">n</subfield><subfield code="a">ohne Hilfsmittel zu benutzen</subfield></datafield><datafield tag="062" ind1="-" ind2="1"><subfield code="b">nc</subfield><subfield code="a">Band</subfield></datafield><datafield tag="070" ind1="-" ind2="1"><subfield code="a">6/166</subfield></datafield><datafield tag="080" ind1="-" ind2="1"><subfield code="a">60</subfield></datafield><datafield tag="100" ind1="-" ind2="1"><subfield code="p">Knott, Cheryl</subfield><subfield code="d">1954-</subfield><subfield code="9">(DE-588)1085660443</subfield></datafield><datafield tag="331" ind1="-" ind2="1"><subfield code="a">Not free, not for all</subfield></datafield><datafield tag="335" ind1="-" ind2="1"><subfield code="a">public libraries in the age of Jim Crow</subfield></datafield><datafield tag="359" ind1="-" ind2="1"><subfield code="a">Cheryl Knott</subfield></datafield><datafield tag="419" ind1="-" ind2="1"><subfield code="a">Amherst ; Boston</subfield><subfield code="b">University of Massachusetts Press</subfield><subfield code="c">[2015]</subfield></datafield><datafield tag="425" ind1="a" ind2="1"><subfield code="a">2015</subfield></datafield><datafield tag="433" ind1="-" ind2="1"><subfield code="a">X, 312 Seiten</subfield></datafield><datafield tag="434" ind1="-" ind2="1"><subfield code="a">Illustrationen</subfield></datafield><datafield tag="435" ind1="-" ind2="1"><subfield code="a">23 cm</subfield></datafield><datafield tag="451" ind1="-" ind2="1"><subfield code="a">Studies in print culture and the history of the book</subfield></datafield><datafield tag="521" ind1="-" ind2="1"><subfield code="a">&lt;&lt;The&gt;&gt; culture of print in a context of racism -- Carnegie public libraries for African Americans -- Solidifying segregation -- Faltering systems -- Change and continuity -- Erecting libraries, constructing race -- Books for black readers -- Reading the race-based library -- Opening access</subfield></datafield><datafield tag="540" ind1="a" ind2="1"><subfield code="a">978-1-62534-177-8</subfield><subfield code="b">(hardcover)</subfield></datafield><datafield tag="540" ind1="a" ind2="1"><subfield code="a">978-1-62534-178-5</subfield><subfield code="b">(paper)</subfield></datafield><datafield tag="655" ind1="-" ind2="1"><subfield code="u">http://bvbr.bib-bvb.de:8991/F?func=service&amp;doc_library=BVB01&amp;local_base=BVB01&amp;doc_number=028790923&amp;sequence=000001&amp;line_number=0001&amp;func_code=DB_RECORDS&amp;service_type=MEDIA</subfield><subfield code="z">Inhaltsverzeichnis</subfield></datafield><datafield tag="902" ind1="-" ind2="1"><subfield code="g">USA</subfield><subfield code="9">(DE-588)4078704-7</subfield></datafield><datafield tag="902" ind1="-" ind2="1"><subfield code="s">Öffentliche Bibliothek</subfield><subfield code="9">(DE-588)4043141-1</subfield></datafield><datafield tag="902" ind1="-" ind2="1"><subfield code="s">Rassentrennung</subfield><subfield code="9">(DE-588)4115696-1</subfield></datafield><datafield tag="902" ind1="-" ind2="1"><subfield code="s">Rassismus</subfield><subfield code="9">(DE-588)4076527-1</subfield></datafield><datafield tag="902" ind1="-" ind2="1"><subfield code="z">Geschichte 1900-1965</subfield></datafield><datafield tag="903" ind1="-" ind2="1"><subfield code="a">21345</subfield><subfield code="a">31245</subfield><subfield code="a">41235</subfield><subfield code="a">51234</subfield></datafield><controlfield tag="SYS">022302890</controlfield><datafield tag="952" ind1="-" ind2="1"><subfield code="g">United States of America</subfield></datafield><datafield tag="952" ind1="-" ind2="1"><subfield code="g">Vereinigte Staaten von Amerika</subfield></datafield><datafield tag="952" ind1="-" ind2="1"><subfield code="g">Nordamerika</subfield><subfield code="h">USA</subfield></datafield><datafield tag="952" ind1="-" ind2="1"><subfield code="g">Amerika</subfield><subfield code="h">USA</subfield></datafield><datafield tag="952" ind1="-" ind2="1"><subfield code="g">United States</subfield></datafield><datafield tag="952" ind1="-" ind2="1"><subfield code="g">United States of America</subfield></datafield><datafield tag="952" ind1="-" ind2="1"><subfield code="g">Etats Unis</subfield></datafield><datafield tag="952" ind1="-" ind2="1"><subfield code="g">Etats-Unis</subfield></datafield><datafield tag="952" ind1="-" ind2="1"><subfield code="g">Vereinigte Staaten</subfield></datafield><datafield tag="952" ind1="-" ind2="1"><subfield code="g">Estados Unidos de America</subfield></datafield><datafield tag="952" ind1="-" ind2="1"><subfield code="g">EEUU</subfield></datafield><datafield tag="952" ind1="-" ind2="1"><subfield code="g">Vereinigte Staaten von Nordamerika</subfield></datafield><datafield tag="952" ind1="-" ind2="1"><subfield code="g">Soedinennye Štaty Ameriki</subfield></datafield><datafield tag="952" ind1="-" ind2="1"><subfield code="g">SŠA</subfield></datafield><datafield tag="952" ind1="-" ind2="1"><subfield code="g">Stany Zjednoczone Ameryki Północnej</subfield></datafield><datafield tag="952" ind1="-" ind2="1"><subfield code="g">Hēnōmenai Politeiai tēs Boreiu Amerikēs</subfield></datafield><datafield tag="952" ind1="-" ind2="1"><subfield code="g">Hēnōmenes Politeies tēs Amerikēs</subfield></datafield><datafield tag="952" ind1="-" ind2="1"><subfield code="g">HēPA</subfield></datafield><datafield tag="952" ind1="-" ind2="1"><subfield code="g">Ēnōmenes Politeies tēs Amerikēs</subfield></datafield><datafield tag="952" ind1="-" ind2="1"><subfield code="g">ĒPA</subfield></datafield><datafield tag="952" ind1="-" ind2="1"><subfield code="g">Meiguo</subfield></datafield><datafield tag="952" ind1="-" ind2="1"><subfield code="g">Etats-Unis d&apos;Amérique</subfield></datafield><datafield tag="952" ind1="-" ind2="1"><subfield code="g">US</subfield></datafield><datafield tag="952" ind1="-" ind2="1"><subfield code="s">Allgemeine öffentliche Bibliothek</subfield></datafield><datafield tag="952" ind1="-" ind2="1"><subfield code="s">Öffentliche Bücherei</subfield></datafield><datafield tag="952" ind1="-" ind2="1"><subfield code="s">Public library</subfield></datafield><datafield tag="952" ind1="-" ind2="1"><subfield code="s">Staatliche Allgemeinbibliothek</subfield></datafield><datafield tag="952" ind1="-" ind2="1"><subfield code="s">Volksbibliothek</subfield></datafield><datafield tag="952" ind1="-" ind2="1"><subfield code="s">Volksbücherei</subfield></datafield><datafield tag="952" ind1="-" ind2="1"><subfield code="s">Allgemeinbildende Bibliothek</subfield></datafield><datafield tag="952" ind1="-" ind2="1"><subfield code="s">Öffentliche Bibliotheken</subfield></datafield><datafield tag="952" ind1="-" ind2="1"><subfield code="s">Rassenideologie</subfield></datafield><datafield tag="952" ind1="-" ind2="1"><subfield code="s">Rassenwahn</subfield></datafield><datafield tag="952" ind1="-" ind2="1"><subfield code="s">Rassenvorurteil</subfield></datafield><datafield tag="088" ind1=" " ind2=" "><subfield code="a">6/020</subfield><subfield code="c">BG 723:1</subfield><subfield code="e">keine Angabe</subfield></datafield></record></metadata></record></ListRecords></OAI-PMH>